%% book, authored
@book{jeffreys1972,
  author		= "H. Jeffries and B. S. Jeffries",
  title			= "Methods of Mathematical Physics",
  publisher		= "Cambridge University Press",
  address               = "Cambridge, CB2 8RU, UK",
  year			= "1972"
}
